<?xml version="1.0" encoding="UTF-8"?><record xmlns="http://www.loc.gov/MARC21/slim" xmlns:cinclude="http://apache.org/cocoon/include/1.0" xmlns:zs="http://www.loc.gov/zing/srw/">
  <leader>00659cz  a2200157n  4500</leader>
  <controlfield tag="001">n 2006009915</controlfield>
  <controlfield tag="003">DLC</controlfield>
  <controlfield tag="005">20080824075155.0</controlfield>
  <controlfield tag="008">060209n| acannaabn          |a aaa      </controlfield>
  <datafield tag="010" ind1=" " ind2=" ">
    <subfield code="a">n 2006009915</subfield>
  </datafield>
  <datafield tag="035" ind1=" " ind2=" ">
    <subfield code="a">(OCoLC)oca06851403</subfield>
  </datafield>
  <datafield tag="040" ind1=" " ind2=" ">
    <subfield code="a">DLC</subfield>
    <subfield code="b">eng</subfield>
    <subfield code="c">DLC</subfield>
    <subfield code="d">NjBlaOCU</subfield>
  </datafield>
  <datafield tag="100" ind1="1" ind2=" ">
    <subfield code="a">Koenig, Simone</subfield>
  </datafield>
  <datafield tag="400" ind1="1" ind2=" ">
    <subfield code="a">KoĚnig, Simone</subfield>
  </datafield>
  <datafield tag="670" ind1=" " ind2=" ">
    <subfield code="a">Principles of biomacromolecular mass spectrometry, c2006:</subfield>
    <subfield code="b">CIP t.p. (Simone Koenig; Integrierte Funktionelle Genomik, Germany) galley (Dr. Simone Koenig; Muenster, Germany)</subfield>
  </datafield>
  <datafield tag="670" ind1=" " ind2=" ">
    <subfield code="a">Biomacromolecular mass spectrometry research progress, c2008:</subfield>
    <subfield code="b">t.p. (Simone KoĚnig; Integrierte Funktionelle Genomik, Muenster, Germany)</subfield>
  </datafield>
</record>